@Manual{R-base,
  title = {R: A Language and Environment for Statistical Computing},
  author = {{R Core Team}},
  organization = {R Foundation for Statistical Computing},
  address = {Vienna, Austria},
  year = {2018},
  url = {https://www.R-project.org/},
}
@Manual{R-papaja,
  author = {Frederik Aust and Marius Barth},
  title = {{papaja}: {Create} {APA} manuscripts with {R Markdown}},
  year = {2018},
  note = {R package version 0.1.0.9842},
  url = {https://github.com/crsh/papaja},
}
@Article{Mclean2018,
  title = {trajr: An R package for characterisation of animal trajectories},
  author = {Donald James McLean and Marta A. Skowron Volponi},
  year = {2018},
  journal = {Ethology},
  volume = {124},
  number = {6},
  doi = {10.1111/eth.12739},
  url = {https://onlinelibrary.wiley.com/doi/abs/10.1111/eth.12739},
}

@Manual{R-xtable,
  title = {xtable: Export Tables to LaTeX or HTML},
  author = {David B. Dahl and David Scott and Charles Roosen and Arni Magnusson and Jonathan Swinton},
  year = {2019},
  note = {R package version 1.8-4},
  url = {https://CRAN.R-project.org/package=xtable},
}@Article{R-doi:10.1111/eth.12739,
  title = {trajr: An R package for characterisation of animal trajectories},
  author = {Donald James McLean and Marta A. Skowron Volponi},
  year = {2018},
  journal = {Ethology},
  volume = {124},
  number = {6},
  doi = {10.1111/eth.12739},
  url = {https://onlinelibrary.wiley.com/doi/abs/10.1111/eth.12739},
}
